@ARTICLE{minBDD,
  author={A. L. {Oliveira} and L. P. {Carloni} and T. {Villa} and A. L. {Sangiovanni-Vincentelli}},
  journal={IEEE Transactions on Computers}, 
  title={Exact minimization of binary decision diagrams using implicit techniques}, 
  year={1998},
  volume={47},
  number={11},
  pages={1282-1296},}